% This file was created with JabRef 2.7.
% Encoding: UTF-8

@INPROCEEDINGS{HS2003,
  author = {Stefan Hanenberg and Arno Schmidmeier},
  title = {Idioms for Building Software Frameworks in {AspectJ}},
  year = {2003},
  publisher = {AOSD Workshop on Aspects, Componentes and Patterns for Infraestructure
	Software},
  crossref = {:aosd-acp4is03},
  owner = {roberto},
  timestamp = {2014.07.01},
  url = {http://www.cs.ubc.ca/~ycoady/acp4is03/papers/hanenberg.pdf}
}

@INPROCEEDINGS{BGO+2009,
  author = {Bateman, Scott and Gutwin, Carl and Osgood, Nathaniel and McCalla,
	Gordon},
  title = {Interactive Usability Instrumentation},
  booktitle = {Proceedings of the 1st ACM SIGCHI Symposium on Engineering Interactive
	Computing Systems},
  year = {2009},
  series = {EICS '09},
  pages = {45--54},
  address = {New York, NY, USA},
  publisher = {ACM},
  acmid = {1570443},
  doi = {10.1145/1570433.1570443},
  isbn = {978-1-60558-600-7},
  keywords = {aspect-oriented programming, instrumentation, software logging, usability},
  location = {Pittsburgh, PA, USA},
  numpages = {10},
  owner = {roberto},
  timestamp = {2014.07.01}
}

@INPROCEEDINGS{HBS2011,
  author = {Holzinger, Andreas and Brugger, Martin and Slany, Wolfgang},
  title = {Applying aspect oriented programming in usability engineering processes:
	On the example of tracking usage information for remote usability
	testing},
  booktitle = {e-Business (ICE-B), 2011 Proceedings of the International Conference
	on Electronic Business and Telecommunications},
  year = {2011},
  pages = {53-56},
  address = {Seville, Spain},
  publisher = {SciTePress},
  isbn = {978-989-8425-70-6},
  keywords = {Programming;Runtime;Testing;Usability;User interfaces;Weaving;Aspect
	oriented programming;Remote usability testing;Usability engineering},
  owner = {roberto},
  timestamp = {2014.07.01}
}

@INPROCEEDINGS{HDC2009,
  author = {Shah Rukh Humayoun and Yael Dubinsky and Tiziana Catarci},
  title = {UEMan: A tool to manage user evaluation in development environments},
  booktitle = {31st International Conference on Software Engineering, ICSE 2009},
  year = {2009},
  pages = {551-554},
  address = {Washington, DC, USA},
  publisher = {IEEE},
  doi = {http://doi.ieeecomputersociety.org/10.1109/ICSE.2009.5070553},
  isbn = {978-1-4244-3453-4},
  owner = {roberto},
  timestamp = {2014.07.01}
}

@ARTICLE{IH2001,
  author = {Ivory, Melody Y. and Hearst, Marti A},
  title = {The State of the Art in Automating Usability Evaluation of User Interfaces},
  journal = {ACM Comput. Surv.},
  year = {2001},
  volume = {33},
  pages = {470--516},
  number = {4},
  acmid = {503114},
  address = {New York, NY, USA},
  issn = {0360-0300},
  keywords = {Graphical user interfaces, taxonomy, usability evaluation automation,
	web interfaces},
  numpages = {47},
  owner = {roberto},
  publisher = {ACM},
  timestamp = {2014.07.01}
}

@ARTICLE{JOHNSON1997,
  author = {Johnson, Ralph E.},
  title = {Frameworks = (Components + Patterns)},
  journal = {Communications of ACM},
  year = {1997},
  volume = {40},
  pages = {39--42},
  number = {10},
  acmid = {262799},
  address = {New York, NY, USA},
  doi = {10.1145/262793.262799},
  issn = {0001-0782},
  issue_date = {Oct. 1997},
  numpages = {4},
  owner = {roberto},
  publisher = {ACM},
  timestamp = {2014.07.01}
}

@INCOLLECTION{KLM+1997,
  author = {Kiczales, Gregor and Lamping, John and Mendhekar, Anurag and Maeda,
	Chris and Lopes, Cristina and Loingtier, Jean-Marc and Irwin, John},
  title = {Aspect-Oriented Programming},
  booktitle = {ECOOP'97},
  publisher = {Springer},
  address = {Heidelberg},
  year = {1997},
  editor = {Akşit, Mehmet and Matsuoka, Satoshi},
  volume = {1241},
  series = {LNCS},
  pages = {220-242},
  doi = {10.1007/BFb0053381},
  isbn = {978-3-540-63089-0},
  owner = {roberto},
  timestamp = {2014.07.01}
}

@ARTICLE{NIELSEN1992,
  author = {Nielsen, Jakob},
  title = {The Usability Engineering Life Cycle},
  journal = {Computer},
  year = {1992},
  volume = {25},
  pages = {12--22},
  number = {3},
  acmid = {130558},
  address = {Los Alamitos, CA, USA},
  doi = {10.1109/2.121503},
  issn = {0018-9162},
  numpages = {11},
  owner = {roberto},
  publisher = {IEEE Computer Society Press},
  timestamp = {2014.07.01}
}

@INPROCEEDINGS{SK2005,
  author = {Sauro, Jeff and Kindlund, Erika},
  title = {A Method to Standardize Usability Metrics into a Single Score},
  booktitle = {Proceedings of the SIGCHI Conference on Human Factors in Computing
	Systems},
  year = {2005},
  pages = {401--409},
  address = {New York, NY, USA},
  publisher = {ACM},
  acmid = {1055028},
  doi = {10.1145/1054972.1055028},
  isbn = {1-58113-998-5},
  keywords = {measurement, principal components analysis, six sigma, standardization,
	usability},
  location = {Portland, Oregon, USA},
  numpages = {9},
  owner = {roberto},
  timestamp = {2014.07.01}
}

@INCOLLECTION{ST2010,
 year={2010},
isbn={978-3-642-14818-7},
booktitle={Evaluation of Novel Approaches to Software Engineering},
volume={69},
series={Communications in Computer and Information Science},
editor={Maciaszek, LeszekA. and González-Pérez, César and Jablonski, Stefan},
doi={10.1007/978-3-642-14819-4_8},
title={An Aspect-Oriented Framework for Event Capture and Usability Evaluation},
publisher={Springer Berlin Heidelberg},
keywords={Aspect-oriented programming; Usability evaluation; Human-computer interaction},
author={Shekh, Slava and Tyerman, Sue},
pages={107-119},
language={English}
}

@INPROCEEDINGS{TAO2008,
  author = {Tao, Yonglei},
  title = {Automated Data Collection for Usability Evaluation in Early Stages
	of Application Development},
  booktitle = {7th WSEAS Int. Conf. on APPLIED COMPUTER \& APPLIED COMPUTATIONAL
	SCIENCE (ACACOS '08)},
  year = {2008},
  pages = {135-140},
  publisher = {WSEAS Press},
  address = { Hangzhou, China},
  isbn = {978-960-6766-49-7},
  issn = {1790-5117},
  owner = {roberto},
  timestamp = {2014.07.01}
}

@ARTICLE{TAO2012,
  author = {Tao, Yonglei},
  title = {Aspect-Oriented Instrumentation for Capturing Task-Based Event Traces},
  journal = {International Journal on Control System and Instrumentation},
  year = {2012},
  volume = {3},
  number = {1},
  pages = {32--35},
  owner = {roberto},
  timestamp = {2014.07.01}
}

@INPROCEEDINGS{TM2006, 
author={Tarta, A. M. and Moldovan, G.S.}, 
booktitle={Automation, Quality and Testing, Robotics, 2006 IEEE International Conference on}, 
title={Automatic Usability Evaluation Using AOP}, 
year={2006}, 
volume={2}, 
pages={84-89}, 
publisher={IEEE},
address={Cluj-Napoca, Romania},
}

@MISC{ISO1998,
  title = {{ISO 9241-11: Ergonomic requirements for office work with visual
	display terminals (VDTs) - Part 11 : Guidance on usability}},
  year = {1998},
  address = {Geneva},
  citeulike-article-id = {3503574},
  edition = {1},
  institution = {International Organization for Standardization},
  owner = {roberto},
  posted-at = {2008-12-26 00:01:14},
  priority = {2},
  timestamp = {2014.07.01}
}

